[
    {
        "order_id": "BXEXVJTQ8HQTN7J", 
        "action": "create", 
        "side": "bid", 
        "price": "112485.00", 
        "volume": "0.009957", 
        "timestamp": 1520884147.059737
    }, 
    {
        "order_id": 
        "BXBY2DGXS2MUV8F", 
        "action": "create", 
        "side": "bid", 
        "price": "112485.00", 
        "volume": "0.08331", 
        "timestamp": 1520884147.059753
    }, 
    {
        "order_id": "BXDQYXRYHQUMGDP", 
        "action": "create", 
        "side": "bid", 
        "price": "112485.00", 
        "volume": "0.047321", 
        "timestamp": 1520884147.059775
    }, 
    {
        "order_id": "BXEFTG65CN3EYSC", 
        "action": "create", 
        "side": "bid", 
        "price": "112484.00", 
        "volume": "0.001418", 
        "timestamp": 1520884147.059796
    }, 
    {
        "order_id": "BXNKSQKYXPQWW9F", 
        "action": "create", 
        "side": "bid", 
        "price": "112484.00", 
        "volume": "0.299011", 
        "timestamp": 1520884147.059816
    }, 
    {
        "order_id": "BXNNV2EBE9CZYEB", 
        "action": "create", 
        "side": "bid", 
        "price": "112483.00", 
        "volume": "0.095952", 
        "timestamp": 1520884147.059827
    }, 
    {
        "order_id": "BXKZB45HJV6USRU", 
        "action": "create", 
        "side": "bid", 
        "price": "112203.00", 
        "volume": "0.0007", 
        "timestamp": 1520884147.059846
    }, 
    {
        "order_id": "BXDEG26Y72VCJTX", 
        "action": "create", 
        "side": "bid", 
        "price": "112114.00", 
        "volume": "0.08576", 
        "timestamp": 1520884147.059856
    }, 
    {
        "order_id": "BXNUEZQSP534AC4", 
        "action": "create", 
        "side": "bid", 
        "price": "112113.00", 
        "volume": "0.912225", 
        "timestamp": 1520884147.059866
    }, 
    {
        "action": "create", 
        "side": "bid", 
        "price": "112113.00", 
        "volume": "0.0037", 
        "timestamp": 1520884147.059876
    }, 
    {    
        "order_id": "BXC3XWZXQM9MCC3", 
        "action": "create", 
        "side": "ask", 
        "price": "112750.00", 
        "volume": "0.025772", 
        "timestamp": 1520884147.099227
    }, 
    {
        "order_id": "BXETNY856FBGUJG", 
        "action": "create", 
        "side": "ask", 
        "price": "112751.00", 
        "volume": "0.043853", 
        "timestamp": 1520884147.099237
    }, 
    {
        "order_id": "BXHJR3PEN7HDYJ2", 
        "action": "create", 
        "side": "ask", 
        "price": "112787.00", 
        "volume": "0.00321", 
        "timestamp": 1520884147.099247
    }, 
    {
        "order_id": "BXGPUXP5A5Q534", 
        "action": "create", 
        "side": "ask", 
        "price": "112800.00", 
        "volume": "0.077689", 
        "timestamp": 1520884147.099257
    }, 
    {
        "order_id": "BXJ5E96M9QTKEJP", 
        "action": "create", 
        "side": "ask", 
        "price": "112889.00", 
        "volume": "0.00411", 
        "timestamp": 1520884147.099268
    }, 
    {
        "order_id": "BXCKW2HU3P69YJZ", 
        "action": "create", 
        "side": "ask", 
        "price": "112900.00", 
        "volume": "0.03", 
        "timestamp": 1520884147.099278
    }, 
    {
        "order_id": "BXNXPCZCHZUXVBV", 
        "action": "create", 
        "side": "ask", 
        "price": "112901.00", 
        "volume": "3.8118", 
        "timestamp": 1520884147.099288
    }, 
    {
        "order_id": "BXNA4T4UBGPTKP6", 
        "action": "create", 
        "side": "ask", 
        "price": "112902.00", 
        "volume": "0.802", 
        "timestamp": 1520884147.099299
    }, 
    {
        "order_id": "BXMSMY3P5W52MXK", 
        "action": "create", 
        "side": "ask", 
        "price": "113002.00", 
        "volume": "0.00482", 
        "timestamp": 1520884147.099309
    }, 
    {
        "order_id": "BXNC2QVMXSSBECG", 
        "action": "create", 
        "side": "ask", 
        "price": "113115.00", 
        "volume": "0.00088", 
        "timestamp": 1520884147.09932
    }
]
